%% This BibTeX bibliography file was created using BibDesk.
%% https://bibdesk.sourceforge.io/

%% Created for Olivier Commowick at 2022-02-09 10:38:28 +0100 


%% Saved with string encoding Unicode (UTF-8) 



@inproceedings{commowick:inserm-01556476,
	author = {Commowick, Olivier and Hedouin, Renaud and Caruyer, Emmanuel and Barillot, Christian},
	booktitle = {MICCAI 2017 - 20th International Conference on Medical Image Computing and Computer Assisted Intervention},
	date-added = {2022-02-09 10:37:59 +0100},
	date-modified = {2022-02-09 10:37:59 +0100},
	month = Sep,
	pages = {257--265},
	series = {LNCS},
	title = {{L2} Similarity Metrics for Diffusion Multi-Compartment Model Images Registration},
	volume = {10433},
	year = {2017}}

@article{Hedouin_TMI_2017,
	author = {H{\'e}douin, Renaud and Commowick, Olivier and Bannier, Elise and Scherrer, Benoit and Taquet, Maxime and Warfield, Simon K and Barillot, Christian},
	date-added = {2022-02-09 10:37:38 +0100},
	date-modified = {2022-02-09 10:37:38 +0100},
	journal = {IEEE Transactions on Medical Imaging},
	number = {5},
	pages = {1106 - 1115},
	title = {Block-Matching Distortion Correction of Echo-Planar Images With Opposite Phase Encoding Directions},
	volume = {36},
	year = {2017}}

@article{Viergever_2016,
	author = {Max A. Viergever and J.B. Antoine Maintz and Stefan Klein and Keelin Murphy and Marius Staring and Josien P.W. Pluim},
	date-added = {2022-02-09 10:22:14 +0100},
	date-modified = {2022-02-09 10:27:44 +0100},
	journal = {Medical Image Analysis},
	pages = {140-144},
	title = {A survey of medical image registration -- under review},
	volume = {33},
	year = {2016}}

@article{Oliveira_2014,
	author = {Francisco P.M. Oliveira and Jo{\~a}o Manuel R.S. Tavares},
	date-added = {2022-02-09 10:21:29 +0100},
	date-modified = {2022-02-09 10:21:52 +0100},
	journal = {Computer Methods in Biomechanics and Biomedical Engineering},
	number = {2},
	pages = {73-93},
	title = {Medical image registration: a review},
	volume = {17},
	year = {2014}}

@article{Pluim_2003,
	author = {Pluim, J.P.W. and Maintz, J.B.A. and Viergever, M.A.},
	date-added = {2022-02-09 10:20:30 +0100},
	date-modified = {2022-02-09 10:20:45 +0100},
	journal = {IEEE Transactions on Medical Imaging},
	number = {8},
	pages = {986-1004},
	title = {Mutual-information-based registration of medical images: a survey},
	volume = {22},
	year = {2003}}

@article{Avants_Media_2008,
	author = {Avants, Brian B and Epstein, Charles L and Grossman, Murray and Gee, James C},
	date-added = {2022-02-08 12:07:17 +0100},
	date-modified = {2022-02-08 12:07:17 +0100},
	journal = {Medical image analysis},
	number = {1},
	pages = {26--41},
	publisher = {Elsevier},
	title = {Symmetric diffeomorphic image registration with cross-correlation: evaluating automated labeling of elderly and neurodegenerative brain},
	volume = {12},
	year = {2008}}

@inbook{Mrazek_Chapter_2006,
	author = {Mrazek, P. and Weickert, J. and Bruhn, A.},
	booktitle = {Geometric Properties for Incomplete data},
	date-added = {2022-02-03 16:26:52 +0100},
	date-modified = {2022-02-03 16:26:52 +0100},
	editor = {Klette, Reinhard and Kozera, Ryszard and Noakes, Lyle and Weickert, Joachim},
	pages = {335--352},
	publisher = {Springer},
	title = {On Robust Estimation and smoothing with Spatial and Tonal Kernels},
	year = {2006}}

@phdthesis{commowick:tel-00133432,
	author = {Commowick, Olivier},
	date-added = {2022-02-03 16:26:35 +0100},
	date-modified = {2022-02-03 16:26:35 +0100},
	month = Feb,
	school = {{Universit{\'e} Nice Sophia Antipolis}},
	title = {{Design and Use of Anatomical Atlases for Radiotherapy}},
	year = {2007}}

@inproceedings{garcia:inria-00616148,
	address = {Beijing, China, China},
	author = {Garcia, Vincent and Commowick, Olivier and Malandain, Gr{\'e}goire},
	booktitle = {{Grand Challenges in Medical Image Analysis (MICCAI workshop)}},
	date-added = {2022-02-03 16:26:12 +0100},
	date-modified = {2022-02-03 16:26:12 +0100},
	hal_id = {inria-00616148},
	hal_version = {v1},
	pages = {1-10},
	pdf = {https://hal.inria.fr/inria-00616148/file/Garcia_2010_EMPIRE10_2.pdf},
	title = {{A Robust and Efficient Block Matching Framework for Non Linear Registration of Thoracic CT Images}},
	url = {https://hal.inria.fr/inria-00616148},
	year = {2010},
	bdsk-url-1 = {https://hal.inria.fr/inria-00616148}}

@inproceedings{Vercauteren_Miccai_2008,
	author = {Tom Vercauteren and Xavier Pennec and Aymeric Perchant and Nicholas Ayache},
	booktitle = {Medical Image Computing and Computer-Assisted Intervention},
	date-added = {2022-02-03 16:25:10 +0100},
	date-modified = {2022-02-03 16:25:10 +0100},
	pages = {754-761},
	series = {LNCS},
	title = {Symmetric Log-Domain Diffeomorphic Registration: A Demons-based Approach},
	volume = {5241},
	year = {2008}}

@inproceedings{Bossa_Miccai_2007,
	author = {Matias Bossa and Monica Hernandez and Salvador Olmos},
	booktitle = {Medical Image Computing and Computer-Assisted Intervention},
	date-added = {2022-02-03 16:25:03 +0100},
	date-modified = {2022-02-03 16:25:03 +0100},
	pages = {667-674},
	series = {LNCS},
	title = {{Contributions to 3D Diffeomorphic Atlas Estimation: Application to Brain Images}},
	volume = {4791},
	year = {2007}}

@article{Beg_IJCV_2005,
	author = {Mirza Faisal Beg and Michael Miller and Alain Trouv{\'e} and Laurent Younes},
	date-added = {2022-02-03 16:23:47 +0100},
	date-modified = {2022-02-03 16:23:47 +0100},
	journal = {International Journal of Computer Vision},
	number = {2},
	pages = {139-157},
	title = {{Computing Large Deformation Metric Mappings via Geodesic Flows of Diffeomorphisms}},
	volume = {61},
	year = {2005}}

@book{Rousseeuw_Book_1987,
	author = {Peter J. Rousseeuw and Annick M. Leroy},
	date-added = {2022-02-03 16:23:31 +0100},
	date-modified = {2022-02-03 16:23:31 +0100},
	publisher = {Wiley Series in Probability and Mathematical Statistics},
	title = {Robust Regression and Outlier Detection},
	year = {1987}}

@inproceedings{arsigny:inria-00615594,
	address = {Copenhaguen, Denmark},
	author = {Arsigny, Vincent and Commowick, Olivier and Pennec, Xavier and Ayache, Nicholas},
	booktitle = {{Proc. of the 9th International Conference on Medical Image Computing and Computer Assisted Intervention (MICCAI'06), Part I}},
	date-added = {2022-02-03 16:23:25 +0100},
	date-modified = {2022-02-03 16:23:25 +0100},
	pages = {924--931},
	series = {LNCS},
	title = {{A Log-Euclidean Framework for Statistics on Diffeomorphisms}},
	volume = {4190},
	year = {2006}}

@article{arsigny:inria-00616084,
	author = {Arsigny, Vincent and Commowick, Olivier and Ayache, Nicholas and Pennec, Xavier},
	date-added = {2022-02-03 16:23:09 +0100},
	date-modified = {2022-02-03 16:23:09 +0100},
	doi = {10.1007/s10851-008-0135-9},
	hal_id = {inria-00616084},
	hal_version = {v1},
	journal = {{Journal of Mathematical Imaging and Vision}},
	number = {2},
	pages = {222-238},
	pdf = {https://hal.inria.fr/inria-00616084/file/Arsigny_JMIV_polyaffine_1_.pdf},
	publisher = {{Springer Verlag}},
	title = {{A Fast and Log-Euclidean Polyaffine Framework for Locally Linear Registration}},
	url = {https://hal.inria.fr/inria-00616084},
	volume = {33},
	year = {2009},
	bdsk-url-1 = {https://hal.inria.fr/inria-00616084},
	bdsk-url-2 = {http://dx.doi.org/10.1007/s10851-008-0135-9}}

@phdthesis{Pennec_PhD_1996,
	author = {Xavier Pennec},
	date-added = {2022-02-03 16:22:50 +0100},
	date-modified = {2022-02-03 16:22:50 +0100},
	month = {December},
	school = {Ecole Polytechnique},
	title = {L'incertitude dans les probl\`emes de reconnaissance et de recalage -- Applications en imagerie m\'edicale et biologie mol\'eculaire},
	type = {Th\`ese de sciences (PhD thesis)},
	year = 1996}

@techreport{blanco2010tutorial,
	author = {Blanco, Jose-Luis},
	date-added = {2022-02-03 16:22:13 +0100},
	date-modified = {2022-02-03 16:22:13 +0100},
	institution = {University of Malaga},
	title = {A tutorial on {SE(3)} transformation parameterizations and on-manifold optimization},
	year = {2010}}

@techreport{Powell09a,
	author = {M.J.D. Powell},
	date-added = {2022-02-03 16:22:00 +0100},
	date-modified = {2022-02-03 16:22:00 +0100},
	institution = {Centre for Mathematical Sciences, University of Cambridge, UK},
	title = {The {BOBYQA} algorithm for bound constrained optimization without derivatives},
	year = {2009}}

@inproceedings{commowick:inserm-00681610,
	address = {Barcelona, Spain},
	author = {Commowick, Olivier and Wiest-Daessl{\'e}, Nicolas and Prima, Sylvain},
	booktitle = {{9th IEEE International Symposium on Biomedical Imaging (ISBI'2012)}},
	date-added = {2022-02-03 16:20:26 +0100},
	date-modified = {2022-02-03 16:20:26 +0100},
	doi = {10.1109/ISBI.2012.6235644},
	hal_id = {inserm-00681610},
	hal_version = {v1},
	month = May,
	pages = {700-703},
	pdf = {http://www.hal.inserm.fr/inserm-00681610/file/isbi2012.pdf},
	title = {{Block-Matching Strategies for Rigid Registration of Multimodal Medical Images}},
	url = {http://www.hal.inserm.fr/inserm-00681610},
	year = {2012},
	bdsk-url-1 = {http://www.hal.inserm.fr/inserm-00681610},
	bdsk-url-2 = {http://dx.doi.org/10.1109/ISBI.2012.6235644}}

@inproceedings{Commowick_Miccai_2012,
	address = {Nice, France},
	author = {Commowick, Olivier and Wiest-Daessl{\'e}, Nicolas and Prima, Sylvain},
	booktitle = {{15th International Conference on Medical Image Computing and Computer Assisted Intervention}},
	date-added = {2022-02-03 16:20:03 +0100},
	date-modified = {2022-02-03 16:20:03 +0100},
	doi = {10.1007/978-3-642-33418-4\_21},
	hal_id = {inserm-00716106},
	hal_version = {v1},
	month = Oct,
	number = {Pt 2},
	pages = {163-70},
	pdf = {http://www.hal.inserm.fr/inserm-00716106/file/miccai2012_BMNReg.pdf},
	publisher = {{Springer}},
	series = {LNCS},
	title = {{Automated diffeomorphic registration of anatomical structures with rigid parts: application to dynamic cervical MRI.}},
	url = {http://www.hal.inserm.fr/inserm-00716106},
	volume = {15},
	year = {2012},
	bdsk-url-1 = {http://www.hal.inserm.fr/inserm-00716106},
	bdsk-url-2 = {http://dx.doi.org/10.1007/978-3-642-33418-4%5C_21}}

@article{suarez:inserm-00657707,
	author = {Suarez, Ralph O. and Commowick, Olivier and Prabhu, Sanjay P. and Warfield, Simon K. K.},
	date-added = {2022-02-03 16:19:44 +0100},
	date-modified = {2022-02-03 16:19:44 +0100},
	doi = {10.1016/j.neuroimage.2011.11.043},
	hal_id = {inserm-00657707},
	hal_version = {v1},
	journal = {{NeuroImage}},
	month = Feb,
	number = {4},
	pages = {3690-3700},
	publisher = {{Elsevier}},
	title = {{Automated delineation of white matter fiber tracts with a multiple region-of-interest approach.}},
	url = {http://www.hal.inserm.fr/inserm-00657707},
	volume = {59},
	year = {2012},
	bdsk-url-1 = {http://www.hal.inserm.fr/inserm-00657707},
	bdsk-url-2 = {http://dx.doi.org/10.1016/j.neuroimage.2011.11.043}}

@article{Malandain_Neuroimage_2004,
	author = {Gr{\'e}goire Malandain and Eric Bardinet and Koen Nelissen and Wim Vanduffel},
	date-added = {2022-02-03 16:19:11 +0100},
	date-modified = {2022-02-03 16:19:11 +0100},
	journal = {Neuroimage},
	number = {1},
	pages = {111-127},
	title = {{Fusion of autoradiographs with an MR volume using 2-D and 3-D linear transformations}},
	volume = {23},
	year = {2004}}

@inproceedings{Ourselin_Miccai_2000,
	author = {S{\'e}bastien Ourselin and Alexis Roche and Sylvain Prima and Nicholas Ayache},
	booktitle = {International Conference on Medical Image Computing and Computer Assisted Intervention},
	date-added = {2022-02-03 16:18:01 +0100},
	date-modified = {2022-02-03 16:18:01 +0100},
	pages = {557--566},
	publisher = {Springer},
	series = {LNCS},
	title = {Block Matching: A General Framework to Improve Robustness of Rigid Registration of Medical Images},
	volume = {1935},
	year = {2000}}
